<?xml version="1.0" encoding="UTF-8"?><record xmlns="http://www.loc.gov/MARC21/slim" xmlns:cinclude="http://apache.org/cocoon/include/1.0" xmlns:zs="http://www.loc.gov/zing/srw/">
  <leader>00577cz  a2200145n  4500</leader>
  <controlfield tag="001">n  80129252 </controlfield>
  <controlfield tag="003">DLC</controlfield>
  <controlfield tag="005">20050126052629.0</controlfield>
  <controlfield tag="008">801009n| acannaabn          |n aaa      </controlfield>
  <datafield tag="010" ind1=" " ind2=" ">
    <subfield code="a">n  80129252 </subfield>
  </datafield>
  <datafield tag="035" ind1=" " ind2=" ">
    <subfield code="a">(OCoLC)oca00509650</subfield>
  </datafield>
  <datafield tag="040" ind1=" " ind2=" ">
    <subfield code="a">DLC</subfield>
    <subfield code="c">DLC</subfield>
    <subfield code="d">DLC-OI</subfield>
  </datafield>
  <datafield tag="100" ind1="1" ind2=" ">
    <subfield code="a">Sutherland, Heather</subfield>
  </datafield>
  <datafield tag="670" ind1=" " ind2=" ">
    <subfield code="a">Her The making of a bureaucratic elite, 1979:</subfield>
    <subfield code="b">t.p. (Heather Sutherland)</subfield>
  </datafield>
  <datafield tag="670" ind1=" " ind2=" ">
    <subfield code="a">Kontinuitas dan perubahan dalam sejarah Sulawesi Selatan, 2004:</subfield>
    <subfield code="b">t.p. (Heather Sutherland) p. 407 (Dr. in History, Univ. of Yale, 1973; Prof. in History, Vrije Univ., Amsterdam, Netherland)</subfield>
  </datafield>
</record>